@article{CKNH20,
	title={A Simple Framework for Contrastive Learning of Visual Representations},
	author={Chen, Ting and Kornblith, Simon and Norouzi, Mohammad and Hinton, Geoffrey},
	journal={arXiv preprint arXiv:2002.05709},
	year={2020}
}

@article{EH20,
	Author = {van Engelen, Jesper E. and Hoos, Holger H.},
	Journal = {Machine Learning},
	Number = {2},
	Pages = {373--440},
	Title = {A survey on semi-supervised learning},
	Volume = {109},
	Year = {2020},
}


@book{CSZ10,
author = {Chapelle, Olivier and Schlkopf, Bernhard and Zien, Alexander},
title = {Semi-Supervised Learning},
year = {2010},
publisher = {The MIT Press},
edition = {1st},
}


@inproceedings{Elworthy94,
author = {Elworthy, David},
title = {Does Baum-Welch Re-Estimation Help Taggers?},
year = {1994},
publisher = {Association for Computational Linguistics},
address = {USA},
booktitle = {Proceedings of the Fourth Conference on Applied Natural Language Processing},
pages = {53–58},
numpages = {6},
location = {Stuttgart, Germany},
series = {ANLC '94}
}


@inproceedings{CCC02,
author = {Cozman, Fabio Gagliardi and Cohen, Ira and Cirelo, Marcelo Cesar},
title = {Semi-Supervised Learning of Mixture Models}, year = {2003}, 
publisher = {AAAI Press}, 
booktitle = {Proceedings of the Twentieth International Conference on International Conference on Machine Learning},
pages = {99–106},
numpages = {8},
location = {Washington, DC, USA},
series = {ICML'03}
}


@techreport{zhu05,
    author = "Xiaojin Zhu",
    title = "Semi-Supervised Learning Literature Survey",
    institution = "Computer Sciences, University of Wisconsin-Madison",
    number = "1530",
    year = 2005
    }

@article{Xie2020,
	title={Unsupervised Data Augmentation for Consistency Training},
	author={Xie, Qizhe and Dai, Zihang and Hovy, Eduard and Luong, Minh-Thang and Le, Quoc V},
	journal={arXiv preprint arXiv:1904.12848},
	year={2019}
}


@inproceedings{Iscen2019,
  author    = {Ahmet Iscen and
               Giorgos Tolias and
               Yannis Avrithis and
               Ondrej Chum},
  title     = {Label Propagation for Deep Semi-Supervised Learning},
  booktitle = {{IEEE} Conference on Computer Vision and Pattern Recognition, {CVPR}
               2019, Long Beach, CA, USA, June 16-20, 2019},
  pages     = {5070--5079},
  publisher = {Computer Vision Foundation / {IEEE}},
  year      = {2019},
  url       = {http://openaccess.thecvf.com/content\_CVPR\_2019/html/Iscen\_Label\_Propagation\_for\_Deep\_Semi-Supervised\_Learning\_CVPR\_2019\_paper.html},
}

@incollection{KSH12,
title = {ImageNet Classification with Deep Convolutional Neural Networks},
author = {Alex Krizhevsky and Sutskever, Ilya and Hinton, Geoffrey E},
booktitle = {Advances in Neural Information Processing Systems 25},
editor = {F. Pereira and C. J. C. Burges and L. Bottou and K. Q. Weinberger},
pages = {1097--1105},
year = {2012},
publisher = {Curran Associates, Inc.},
url = {http://papers.nips.cc/paper/4824-imagenet-classification-with-deep-convolutional-neural-networks.pdf}
}


@inproceedings{Lee13,
  author    = {Dong-Hyun Lee},
  title     = {Pseudo-label: The simple and efficient semi-supervised learning method for deep neural networks},
  booktitle = {Workshop on Challenges in Representation Learning (ICML)},
  year      = {2013},
  volume = {3},
  number = {2},
  url       = {http://deeplearning.net/wp-content/uploads/2013/03/pseudo_label_final.pdf}
}


@article{ILSVRC15,
Author = {Olga Russakovsky and Jia Deng and Hao Su and Jonathan Krause and Sanjeev Satheesh and Sean Ma and Zhiheng Huang and Andrej Karpathy and Aditya Khosla and Michael Bernstein and Alexander C. Berg and Li Fei-Fei},
Title = {{ImageNet Large Scale Visual Recognition Challenge}},
Year = {2015},
journal   = {International Journal of Computer Vision (IJCV)},
doi = {10.1007/s11263-015-0816-y},
volume={115},
number={3},
pages={211-252}
}


@article{NSML,
  title={NSML: A Machine Learning Platform That Enables You to Focus on Your Models},
  author={Nako Sung and Minkyu Kim and Hyunwoo Jo and Youngil Yang and Jingwoong Kim and Leonard Lausen and Youngkwan Kim and Gayoung Lee and Dong-Hyun Kwak and Jung-Woo Ha and S. Kim},
  journal={ArXiv},
  year={2017},
  volume={abs/1712.05902}
}


@book{GBC16,
    title={Deep Learning},
    author={Ian Goodfellow and Yoshua Bengio and Aaron Courville},
    publisher={MIT Press},
    note={\url{http://www.deeplearningbook.org}},
    year={2016}
}

@misc{LARS,
      title={Large Batch Training of Convolutional Networks}, 
      author={Yang You and Igor Gitman and Boris Ginsburg},
      year={2017},
      eprint={1708.03888},
      archivePrefix={arXiv},
      primaryClass={cs.CV}
}


@misc{torchLARS,
  author       = {Park, Chunmyong and Lee, Heungsub and Jeong, Myungryong and
                  Baek, Woonhyuk and Kim, Chiheon},
  title        = {torchlars, {A} {LARS} implementation in {PyTorch}},
  howpublished = {\url{https://github.com/kakaobrain/torchlars}},
  year         = {2019}
}


@inproceedings{Adam,
  author    = {Diederik P. Kingma and
               Jimmy Ba},
  editor    = {Yoshua Bengio and
               Yann LeCun},
  title     = {Adam: {A} Method for Stochastic Optimization},
  booktitle = {3rd International Conference on Learning Representations, {ICLR} 2015,
               San Diego, CA, USA, May 7-9, 2015, Conference Track Proceedings},
  year      = {2015},
  url       = {http://arxiv.org/abs/1412.6980},
  timestamp = {Thu, 25 Jul 2019 14:25:37 +0200},
  biburl    = {https://dblp.org/rec/journals/corr/KingmaB14.bib},
  bibsource = {dblp computer science bibliography, https://dblp.org}
}

@incollection{Yogi,
title = {Adaptive Methods for Nonconvex Optimization},
author = {Zaheer, Manzil and Reddi, Sashank and Sachan, Devendra and Kale, Satyen and Kumar, Sanjiv},
booktitle = {Advances in Neural Information Processing Systems 31},
editor = {S. Bengio and H. Wallach and H. Larochelle and K. Grauman and N. Cesa-Bianchi and R. Garnett},
pages = {9793--9803},
year = {2018},
publisher = {Curran Associates, Inc.},
url = {http://papers.nips.cc/paper/8186-adaptive-methods-for-nonconvex-optimization.pdf}
}


@INPROCEEDINGS{RAN,
  author={F. {Wang} and M. {Jiang} and C. {Qian} and S. {Yang} and C. {Li} and H. {Zhang} and X. {Wang} and X. {Tang}},
  booktitle={2017 IEEE Conference on Computer Vision and Pattern Recognition (CVPR)}, 
  title={Residual Attention Network for Image Classification}, 
  year={2017},
  pages={6450-6458},
  doi={10.1109/CVPR.2017.683}}